<record xmlns="http://www.loc.gov/MARC21/slim" xmlns:xsi="http://www.w3.org/2001/XMLSchema-instance" xsi:schemaLocation="http://www.loc.gov/MARC21/slim http://www.loc.gov/standards/marcxml/schema/MARC21slim.xsd"><leader>01635nam a2200349   4500</leader><controlfield tag="001">3121197</controlfield><controlfield tag="003">NNC</controlfield><controlfield tag="006">m        d        </controlfield><controlfield tag="007">cr cn |||m|||a</controlfield><controlfield tag="008">150223s1928    ua      o     000 0 ara d</controlfield><datafield ind1=" " ind2=" " tag="040"><subfield code="a">NNU</subfield><subfield code="b">eng</subfield><subfield code="c">NNU</subfield></datafield><datafield ind1="1" ind2=" " tag="100"><subfield code="6">880-01</subfield><subfield code="a">Shawka&#772;ni&#772;, Muh&#803;ammad ibn &#699;Ali&#772;,</subfield><subfield code="d">1759-1839.</subfield></datafield><datafield ind1="1" ind2="0" tag="245"><subfield code="6">880-02</subfield><subfield code="a">Irsha&#772;d al-fuh&#803;u&#772;l</subfield><subfield code="h">[electronic resource].</subfield></datafield><datafield ind1=" " ind2=" " tag="260"><subfield code="6">880-03</subfield><subfield code="a">al-Qa&#772;hirah,</subfield><subfield code="c">1347 A.H. [1928]</subfield></datafield><datafield ind1=" " ind2=" " tag="300"><subfield code="a">online resource (256 p.)</subfield></datafield><datafield ind1=" " ind2=" " tag="500"><subfield code="a">Part of the Arabic Collections Online (ACO) project, contributed by Columbia University Libraries.</subfield></datafield><datafield ind1=" " ind2=" " tag="533"><subfield code="a">Electronic reproduction.</subfield><subfield code="b">New York, N.Y. :</subfield><subfield code="c">New York University,</subfield><subfield code="d">2015.</subfield><subfield code="5">NNU</subfield></datafield><datafield ind1=" " ind2="0" tag="650"><subfield code="a">Islamic law.</subfield></datafield><datafield ind1=" " ind2="7" tag="650"><subfield code="a">Islamic law.</subfield><subfield code="2">fast</subfield><subfield code="0">(OCoLC)fst00979949</subfield></datafield><datafield ind1="1" ind2=" " tag="700"><subfield code="6">880-04</subfield><subfield code="a">&#699;Abba&#772;di&#772;, Ah&#803;mad ibn Qa&#772;sim</subfield></datafield><datafield ind1="1" ind2=" " tag="700"><subfield code="6">880-05</subfield><subfield code="a">Mah&#803;alli&#772;, Jala&#772;l al-Di&#772;n Muh&#803;ammad ibn Ah&#803;mad,</subfield><subfield code="d">1389-1459.</subfield></datafield><datafield ind1="2" ind2=" " tag="710"><subfield code="a">Columbia University.</subfield><subfield code="b">Libraries.</subfield></datafield><datafield ind1="0" ind2=" " tag="730"><subfield code="a">Arabic Collections Online.</subfield></datafield><datafield ind1="0" ind2="8" tag="776"><subfield code="i">Print version:</subfield><subfield code="a">Shawka&#772;ni&#772;, Muh&#803;ammad ibn &#699;Ali&#772;, 1759-1839.</subfield><subfield code="t">Irsha&#772;d al-fuh&#803;u&#772;l</subfield><subfield code="w">(NNC)3121197</subfield><subfield code="w">(OCoLC)48196500</subfield></datafield><datafield ind1="4" ind2="0" tag="856"><subfield code="u">http://hdl.handle.net/2333.1/kh1894xq</subfield></datafield><datafield ind1="1" ind2=" " tag="880"><subfield code="6">100-01/r</subfield><subfield code="a">&#1588;&#1608;&#1603;&#1575;&#1606;&#1610;&#1548; &#1605;&#1581;&#1605;&#1583; &#1576;&#1606; &#1593;&#1604;&#1610;&#1548;</subfield><subfield code="d">1759-1839.</subfield></datafield><datafield ind1="1" ind2="0" tag="880"><subfield code="6">245-02/r</subfield><subfield code="a">&#1575;&#1585;&#1588;&#1575;&#1583; &#1575;&#1604;&#1601;&#1581;&#1608;&#1604; ...</subfield></datafield><datafield ind1=" " ind2=" " tag="880"><subfield code="6">260-03/r</subfield><subfield code="a">&#1575;&#1604;&#1602;&#1575;&#1607;&#1585;&#1577;&#1548;</subfield><subfield code="c">1347 A.H. [1928]</subfield></datafield><datafield ind1="1" ind2=" " tag="880"><subfield code="6">700-04/r</subfield><subfield code="a">&#1593;&#1576;&#1575;&#1583;&#1610;&#1548; &#1575;&#1581;&#1605;&#1583; &#1576;&#1606; &#1602;&#1575;&#1587;&#1605;</subfield></datafield><datafield ind1="1" ind2=" " tag="880"><subfield code="6">700-05/r</subfield><subfield code="a">&#1605;&#1581;&#1604;&#1610;&#1548; &#1580;&#1604;&#1575;&#1604; &#1575;&#1604;&#1583;&#1610;&#1606; &#1605;&#1581;&#1605;&#1583; &#1576;&#1606; &#1575;&#1581;&#1605;&#1583;&#1548;</subfield><subfield code="d">1389-1459.</subfield></datafield><datafield ind1=" " ind2=" " tag="959"><subfield code="a">NNU</subfield><subfield code="b">WEB</subfield><subfield code="c">GENI</subfield><subfield code="t">0</subfield><subfield code="m">Electronic access</subfield><subfield code="s">01</subfield></datafield><datafield ind1=" " ind2=" " tag="999"><subfield code="i">NNC_3121197</subfield><subfield code="o">(OCoLC)48196500</subfield><subfield code="s">columbia_aco000171</subfield></datafield></record>